
@misc{googletrends2025,
  author       = {{Google Trends}},
  title        = {Interés en inteligencia artificial (2020–2025)},
  year         = {2025},
  howpublished = {\url{https://trends.google.com/trends/explore?date=2020-04-08%202025-04-08&q=inteligencia%20artificial&hl=es}},
  note         = {Consultado el 08 abril de 2025}
}
@Article{challe6010117,
  AUTHOR = {Andrae, Anders S. G. and Edler, Tomas},
  TITLE = {On Global Electricity Usage of Communication Technology: Trends to 2030},
  JOURNAL = {Challenges},
  VOLUME = {6},
  YEAR = {2015},
  NUMBER = {1},
  PAGES = {117--157},
  URL = {https://www.mdpi.com/2078-1547/6/1/117},
  ISSN = {2078-1547},
  ABSTRACT = {This work presents an estimation of the global electricity usage...},
  DOI = {10.3390/challe6010117}
}

@book{khan2018guide,
  author    = {Salman Khan and Hossein Rahmani and Syed Afaq Ali Shah and Mohammed Bennamoun},
  title     = {A Guide to Convolutional Neural Networks for Computer Vision},
  series    = {Synthesis Lectures on Computer Vision},
  publisher = {Springer Cham},
  year      = {2018},
  isbn      = {978-3-031-00693-7},
  doi       = {10.1007/978-3-031-01821-3},
  url       = {https://doi.org/10.1007/978-3-031-01821-3},
  edition   = {1},
  pages     = {XIX, 187}
}

@software{yolo11_ultralytics,
  author = {Glenn Jocher and Jing Qiu},
  title = {Ultralytics YOLO11},
  version = {11.0.0},
  year = {2024},
  url = {https://github.com/ultralytics/ultralytics},
  orcid = {0000-0001-5950-6979, 0000-0002-7603-6750, 0000-0003-3783-7069},
  license = {AGPL-3.0}
}